[
  {
    "timestamp": "2025-11-28T08:38:27.928Z",
    "match": "dota2-tundra-xtreme-2025-11-28",
    "market": "Tundra Esports",
    "tokenId": "79529042346989258655716036312036539836981883588642170947875663623782315201188",
    "orderId": "79529042346989258655716036312036539836981883588642170947875663623782315201188_0.65_SELL",
    "price": 0.65,
    "size": 10283.27,
    "side": "SELL",
    "ageSeconds": 120
  },
  {
    "timestamp": "2025-11-28T08:38:27.928Z",
    "match": "cfb-iowa-nebr-2025-11-28-total-39pt5",
    "market": "Under",
    "tokenId": "105221950704341643887020591969587450650132448548509600672825810699698138088572",
    "orderId": "105221950704341643887020591969587450650132448548509600672825810699698138088572_0.53_SELL",
    "price": 0.53,
    "size": 20083.96,
    "side": "SELL",
    "ageSeconds": 120
  },
  {
    "timestamp": "2025-11-28T09:08:08.654Z",
    "match": "cfb-miss-mspst-2025-11-28",
    "market": "Mississippi State",
    "tokenId": "86208596526013058345240121624562980024892685992445073055386525426726659249771",
    "orderId": "86208596526013058345240121624562980024892685992445073055386525426726659249771_0.25_BUY",
    "price": 0.25,
    "size": 210900.00000000006,
    "side": "BUY",
    "ageSeconds": 120
  },
  {
    "timestamp": "2025-11-28T09:12:02.865Z",
    "match": "dota2-mouz-xctn-2025-11-28",
    "market": "Execration",
    "tokenId": "3604747005643858673752217458473957608324025007705977016313333529289322569655",
    "orderId": "3604747005643858673752217458473957608324025007705977016313333529289322569655_0.17_BUY",
    "price": 0.17,
    "size": 77264,
    "side": "BUY",
    "ageSeconds": 120
  },
  {
    "timestamp": "2025-11-28T09:13:21.502Z",
    "match": "dota2-mouz-xctn-2025-11-28",
    "market": "Execration",
    "tokenId": "3604747005643858673752217458473957608324025007705977016313333529289322569655",
    "orderId": "3604747005643858673752217458473957608324025007705977016313333529289322569655_0.17_BUY",
    "price": 0.17,
    "size": 77502,
    "side": "BUY",
    "ageSeconds": 120
  },
  {
    "timestamp": "2025-11-28T09:25:49.790Z",
    "match": "dota2-heroic-tt2-2025-11-28",
    "market": "Heroic",
    "tokenId": "75281918357660330859064058886270420887125080716180149114163991311261378789800",
    "orderId": "75281918357660330859064058886270420887125080716180149114163991311261378789800_0.55_BUY",
    "price": 0.55,
    "size": 22712,
    "side": "BUY",
    "ageSeconds": 120
  },
  {
    "timestamp": "2025-11-28T09:27:04.949Z",
    "match": "dota2-heroic-tt2-2025-11-28",
    "market": "Heroic",
    "tokenId": "75281918357660330859064058886270420887125080716180149114163991311261378789800",
    "orderId": "75281918357660330859064058886270420887125080716180149114163991311261378789800_0.55_BUY",
    "price": 0.55,
    "size": 22712,
    "side": "BUY",
    "ageSeconds": 120
  },
  {
    "timestamp": "2025-11-28T09:45:11.036Z",
    "match": "cfb-miss-mspst-2025-11-28",
    "market": "Mississippi State",
    "tokenId": "86208596526013058345240121624562980024892685992445073055386525426726659249771",
    "orderId": "86208596526013058345240121624562980024892685992445073055386525426726659249771_0.25_BUY",
    "price": 0.25,
    "size": 399500.00000000006,
    "side": "BUY",
    "ageSeconds": 120
  },
  {
    "timestamp": "2025-11-28T09:45:48.403Z",
    "match": "cfb-miss-mspst-2025-11-28",
    "market": "Mississippi State",
    "tokenId": "86208596526013058345240121624562980024892685992445073055386525426726659249771",
    "orderId": "86208596526013058345240121624562980024892685992445073055386525426726659249771_0.25_BUY",
    "price": 0.25,
    "size": 399500.00000000006,
    "side": "BUY",
    "ageSeconds": 120
  },
  {
    "timestamp": "2025-11-28T09:47:04.523Z",
    "match": "cfb-miss-mspst-2025-11-28",
    "market": "Mississippi State",
    "tokenId": "86208596526013058345240121624562980024892685992445073055386525426726659249771",
    "orderId": "86208596526013058345240121624562980024892685992445073055386525426726659249771_0.25_BUY",
    "price": 0.25,
    "size": 399500.00000000006,
    "side": "BUY",
    "ageSeconds": 120
  },
  {
    "timestamp": "2025-11-28T09:47:55.579Z",
    "match": "cfb-miss-mspst-2025-11-28",
    "market": "Mississippi State",
    "tokenId": "86208596526013058345240121624562980024892685992445073055386525426726659249771",
    "orderId": "86208596526013058345240121624562980024892685992445073055386525426726659249771_0.25_BUY",
    "price": 0.25,
    "size": 400000.00000000006,
    "side": "BUY",
    "ageSeconds": 120
  },
  {
    "timestamp": "2025-11-28T09:48:07.890Z",
    "match": "cfb-miss-mspst-2025-11-28",
    "market": "Mississippi State",
    "tokenId": "86208596526013058345240121624562980024892685992445073055386525426726659249771",
    "orderId": "86208596526013058345240121624562980024892685992445073055386525426726659249771_0.25_BUY",
    "price": 0.25,
    "size": 399500.00000000006,
    "side": "BUY",
    "ageSeconds": 120
  },
  {
    "timestamp": "2025-11-28T09:54:39.428Z",
    "match": "cfb-kentst-nill-2025-11-28-total-45pt5",
    "market": "Under",
    "tokenId": "83644470320691609419635011847703034597273913858083701182222126861104986412307",
    "orderId": "83644470320691609419635011847703034597273913858083701182222126861104986412307_0.43_BUY",
    "price": 0.43,
    "size": 14308,
    "side": "BUY",
    "ageSeconds": 120
  },
  {
    "timestamp": "2025-11-28T10:27:54.428Z",
    "match": "cfb-kentst-nill-2025-11-28-spread-home-4pt5",
    "market": "Northern Illinois",
    "tokenId": "77842114961826568503513607889760414747666458526128084860508506431536539701435",
    "orderId": "77842114961826568503513607889760414747666458526128084860508506431536539701435_0.48_BUY",
    "price": 0.48,
    "size": 15075,
    "side": "BUY",
    "ageSeconds": 120
  }
]